@inproceedings{schmitz2012open,
  title={Open language learning for information extraction},
  author={Schmitz, Michael and Bart, Robert and Soderland, Stephen and Etzioni, Oren and others},
  booktitle={Proceedings of the 2012 Joint Conference on Empirical Methods in Natural Language Processing and Computational Natural Language Learning},
  pages={523--534},
  year={2012},
  organization={Association for Computational Linguistics}
}

@misc{sinamiran_misc,
    author = "{SINA MIRAN}",
    title = {{Brief Introduction and Review of Open  Information Extraction (Open-IE) Systems}},
    howpublished = {\url{https://ece.umd.edu/~smiran/OpenIE.pdf}},
    note = {Online; accessed 01 Dec 2018} ,
    year=2018,
}

@misc{analytics_vidhya_misc,
    author = "{ANALYTICS VIDHYA}",
    howpublished = {\url{https://www.analyticsvidhya.com/blog/2017/04/natural-language-processing-made-easy-using-spacy-in-python/}},
    note = {Online; accessed 18 Nov 2018} ,
    year=2018,
}

@misc{spacy_ling_misc,
    author = "{SPACY}",
    howpublished = {\url{https://spacy.io/usage/linguistic-features}},
    note = {Online; accessed 21 Nov 2018} ,
    year=2018,
}

@misc{gensim,
    author = "Radim Řehůřek",
    title = "Topics and Transformations",
    howpublished = {\url{https://radimrehurek.com/gensim/tut2.html}},
    note = {Online, accessed 16 Dec 2018},
    year = 2018
}

@inproceedings{graff1999tdt,
  title={The TDT-3 text and speech corpus},
  author={Graff, David and Cieri, Chris and Strassel, Stephanie and Martey, Nii},
  booktitle={Proceedings of DARPA Broadcast News Workshop},
  pages={57--60},
  year={1999}
}

@inproceedings{lavrenko2002relevance,
  title={Relevance models for topic detection and tracking},
  author={Lavrenko, Victor and Allan, James and DeGuzman, Edward and LaFlamme, Daniel and Pollard, Veera and Thomas, Stephen},
  booktitle={Proceedings of the second international conference on Human Language Technology Research},
  pages={115--121},
  year={2002},
  organization={Morgan Kaufmann Publishers Inc.}
}

@inproceedings{larkey2004language,
  title={Language-specific models in multilingual topic tracking},
  author={Larkey, Leah S and Feng, Fangfang and Connell, Margaret and Lavrenko, Victor},
  booktitle={Proceedings of the 27th annual international ACM SIGIR conference on Research and development in information retrieval},
  pages={402--409},
  year={2004},
  organization={ACM}
}

@article{yang1999learning,
  title={Learning approaches for detecting and tracking news events},
  author={Yang, Yiming and Carbonell, Jaime G and Brown, Ralf D and Pierce, Thomas and Archibald, Brian T and Liu, Xin},
  journal={IEEE Intelligent Systems and Their Applications},
  volume={14},
  number={4},
  pages={32--43},
  year={1999},
  publisher={IEEE}
}